@misc{nolting_2022,
  author       = {Stephan Nolting and Unai Martinez-Corral and Lars Asplund and Henrik Brix Andersen and Andreas Wenzel and T. Meissner and Jeremy Herbert and Tore Ramsland and Rafael Corsi and Pascal Cotret},
  title        = {The NEORV32 RISC-V Processor},
  year         = {2022},
  publisher    = {GitHub},
  journal      = {GitHub repository},
  howpublished = {\url{https://github.com/stnolting/neorv32}}
}